@mastersthesis{chm_mgza, 
	author = "Radosław Chmielarz", 
	title = "Modelowanie gwałtownych zjawisk atmosferycznych", 
	school = "AGH",
	year = 2011, 
}

@article{chm_ang, 
	author = "Radosław Chmielarz, Jarosław Wąs", 
	title = "System for simulating tornado damages in forests",
	journal = "Oficyna Wydawnicza Politechniki Wrocławskiej", 
	year = 2011, 
} 

@article{dbg_vortex,
	author = "D. B. Giaiotti, F. Stel",
	title = " The rankine vortex model",
	year = 2006
}

@article{ktk_vortex,
	author = "K. T. Kilty",
	title = "Steady-state tornado vortex models" ,
	year = 2005
}

@other{hb_doppler,
	author = "H. Bluestein",
	title = "Mobile Doppler radar observations of tronadoes",
	journal = "4th European Conference on Sever Storms",
	year = 2007,
	url =  "www.essl.org/ECSS/2007/abs/05-Radars/bluestein-1177432754.pdf"
}

@article{hp_hwind,
	author = "H. Peltola",
	title = "Mechanical stability of trees under static loads",
	year = 2006,
}

@book{hpsk_hwind,
	author = "H. Peltola and S. Kellomäki",
	title = "A mechanistic model for calculating windthrow and stem breakage at stand edge",
	publisher = "Silva Fennica",
	page = "27:99-111",
	year = 1993,
}

@article{dpfh_model,
	author = "N. Dotzek, R. E. Peterson, B. Feuerstein, M. Hubrig",
	title = "Comments on a simple model for simulating tornado damages in forests.",
	year = 2007,
}